<?xml version="1.0" encoding="UTF-8"?><collection xmlns="http://www.loc.gov/MARC21/slim"><record><leader>00516nam--2200193-i-4500</leader><controlfield tag="001">000035794</controlfield><controlfield tag="002">20161230</controlfield><controlfield tag="005">20161230201040</controlfield><controlfield tag="008">060222s1000------------r-----000-0-eng-d</controlfield><datafield ind1=" " ind2=" " tag="040"><subfield code="a">IFIN-HH</subfield></datafield><datafield ind1=" " ind2=" " tag="080"><subfield code="a">535</subfield></datafield><datafield ind1="1" ind2=" " tag="100"><subfield code="a">Nudellman, Sol</subfield></datafield><datafield ind1="1" ind2="0" tag="245"><subfield code="a">Optical properties of solids</subfield><subfield code="c">Sol nudellman, s.s. mitra (eds.)</subfield></datafield><datafield ind1=" " ind2=" " tag="260"><subfield code="a">New York</subfield><subfield code="b">Plenum Press</subfield><subfield code="c">1969</subfield></datafield><datafield ind1=" " ind2=" " tag="300"><subfield code="a">XI + 641P</subfield></datafield><datafield ind1=" " ind2=" " tag="490"><subfield code="a">Optical Physics And Engineering</subfield></datafield><datafield ind1="1" ind2=" " tag="700"><subfield code="a">Mitra, S.S</subfield></datafield><datafield ind1=" " ind2=" " tag="852"><subfield code="a">77571</subfield><subfield code="c">539.2</subfield></datafield><datafield ind1=" " ind2=" " tag="CAT"><subfield code="a">Sys</subfield><subfield code="c">20121127</subfield><subfield code="h">143933</subfield></datafield></record></collection>